@article{SuRF,
  title={Nonparametric ridge estimation},
  author={Genovese, Christopher R and Perone-Pacifico, Marco and Verdinelli, Isabella and Wasserman, Larry and others},
  journal={The Annals of Statistics},
  volume={42},
  number={4},
  pages={1511--1545},
  year={2014},
  publisher={Institute of Mathematical Statistics}
}

@article{algo,
  title={Cosmic web reconstruction through density ridges: method and algorithm},
  author={Chen, Yen-Chi and Ho, Shirley and Freeman, Peter E and Genovese, Christopher R and Wasserman, Larry},
  journal={Monthly Notices of the Royal Astronomical Society},
  volume={454},
  number={1},
  pages={1140--1156},
  year={2015},
  publisher={Oxford University Press}
}

@article{SCMS,
  title={Locally defined principal curves and surfaces},
  author={Ozertem, Umut and Erdogmus, Deniz},
  journal={Journal of Machine learning research},
  volume={12},
  number={Apr},
  pages={1249--1286},
  year={2011}
}

@article{theory,
  title={Theoretical analysis of nonparametric filament estimation},
  author={Qiao, Wanli and Polonik, Wolfgang and others},
  journal={The Annals of Statistics},
  volume={44},
  number={3},
  pages={1269--1297},
  year={2016},
  publisher={Institute of Mathematical Statistics}
}

@article{kde,
  title={A tutorial on kernel density estimation and recent advances},
  author={Chen, Yen-Chi},
  journal={Biostatistics \& Epidemiology},
  volume={1},
  number={1},
  pages={161--187},
  year={2017},
  publisher={Taylor \& Francis}
}

@article{tda,
author = {Wasserman, Larry},
title = {Topological Data Analysis},
journal = {Annual Review of Statistics and Its Application},
volume = {5},
number = {1},
pages = {501-532},
year = {2018},
doi = {10.1146/annurev-statistics-031017-100045},
}

@article{bayesian,
  title={Posterior contraction and credible sets for filaments of regression functions},
  author={Li, Wei and Ghosal, Subhashis and others},
  journal={Electronic Journal of Statistics},
  volume={14},
  number={1},
  pages={1707--1743},
  year={2020},
  publisher={The Institute of Mathematical Statistics and the Bernoulli Society}
}

@misc{covid_data,
title={COVID-19 US County JHU Data \& Demographics}, url={https://www.kaggle.com/headsortails/covid19-us-county-jhu-data-demographics},
journal={Kaggle},
author={},
year={2020},
month={5}
}